<record><leader>00000cas a22000007a 4500</leader><controlfield tag="001">19537676</controlfield><controlfield tag="008">890412d18761uuulaudn ne      0    0eng d</controlfield><datafield ind1=" " ind2=" " tag="010"><subfield code="a">sn 89059143 </subfield></datafield><datafield ind1=" " ind2=" " tag="040"><subfield code="a">LNP</subfield><subfield code="b">eng</subfield><subfield code="c">LNP</subfield><subfield code="d">OCLCQ</subfield></datafield><datafield ind1=" " ind2=" " tag="042"><subfield code="a">msc</subfield></datafield><datafield ind1="0" ind2=" " tag="130"><subfield code="a">Daily call (New Orleans, La.)</subfield></datafield><datafield ind1="1" ind2="4" tag="245"><subfield code="a">The Daily call.</subfield></datafield><datafield ind1=" " ind2=" " tag="260"><subfield code="a">[New Orleans, La.] :</subfield><subfield code="b">Franklin Print. House</subfield></datafield><datafield ind1=" " ind2=" " tag="300"><subfield code="a">v.</subfield></datafield><datafield ind1=" " ind2=" " tag="310"><subfield code="a">Daily (except Sun.)</subfield></datafield><datafield ind1="0" ind2=" " tag="362"><subfield code="a">Vol. 1, no. 1 (Dec. 21, 1876)-</subfield></datafield><datafield ind1=" " ind2=" " tag="752"><subfield code="a">United States</subfield><subfield code="b">Louisiana</subfield><subfield code="c">Orleans</subfield><subfield code="d">New Orleans.</subfield></datafield><datafield ind1="0" ind2=" " tag="775"><subfield code="t">Daily call (New Orleans, La. : Morning ed.)</subfield><subfield code="w">(DLC)sn 89059144</subfield></datafield><datafield ind1="0" ind2=" " tag="775"><subfield code="t">Call (New Orleans, La.)</subfield><subfield code="w">(DLC)sn 89059180</subfield></datafield></record>